<?xml version="1.0" encoding="UTF-8"?><collection xmlns="http://www.loc.gov/MARC21/slim"><record><leader>00492nam--2200169-i-4500</leader><controlfield tag="001">000036412</controlfield><controlfield tag="002">20161230</controlfield><controlfield tag="005">20170221174328</controlfield><controlfield tag="008">060222s1000------------r-----000-0-eng-d</controlfield><datafield ind1=" " ind2=" " tag="080"><subfield code="a">669</subfield></datafield><datafield ind1=" " ind2=" " tag="100"><subfield code="a">Pospisil, Rudolf</subfield></datafield><datafield ind1=" " ind2=" " tag="245"><subfield code="a">Etude dialotometrique d`un alliage d`aluminium</subfield></datafield><datafield ind1=" " ind2=" " tag="260"><subfield code="a">Paris</subfield><subfield code="b">Imp. De Vaugirard</subfield><subfield code="c">1933</subfield></datafield><datafield ind1=" " ind2=" " tag="490"><subfield code="a">Extrait Du 12-eme Congres De Chimie Industrielle, 25 Saept.- 3 Oct. 1932</subfield></datafield><datafield ind1=" " ind2=" " tag="700"><subfield code="a">Quadrat, Otakar</subfield></datafield><datafield ind1=" " ind2=" " tag="852"><subfield code="a">1031</subfield></datafield><datafield ind1=" " ind2=" " tag="CAT"><subfield code="a">SYS</subfield><subfield code="c">20170221</subfield><subfield code="h">174328</subfield></datafield></record></collection>